@inproceedings{PearsonCJFAEPK2017,
   author = {Spencer Pearson and Jos{\'e} Campos and Ren{\'e} Just and
	Gordon Fraser and Rui Abreu and Michael D. Ernst and Deric Pang
	and Benjamin Keller},
   title = {Evaluating and improving fault localization},
   booktitle = {ICSE 2017, Proceedings of the 39th International
	Conference on Software Engineering},
   address = {Buenos Aires, Argentina},
   month = may,
   year = {2017}
}

@techreport{LinWPVZE2017:TR, author = {Xi Victoria Lin and Chenglong Wang and Deric Pang and Kevin Vu and Luke Zettlemoyer and Michael D. Ernst}, 
title = {Program synthesis from natural language using recurrent neural networks}, 
institution = {University of Washington Department of Computer Science and Engineering}, 
number = {UW-CSE-17-03-01}, 
address = {Seattle, WA, USA}, 
month = mar, 
year = {2017} 
}
