@inproceedings{Pearson:2017:EIF:3097368.3097441,
 author = {Pearson, Spencer and Campos, Jos{\'e} and Just, Ren{\'e} and Fraser, Gordon and Abreu, Rui and Ernst, Michael D. and Pang, Deric and Keller, Benjamin},
 title = {Evaluating and Improving Fault Localization},
 booktitle = {ICSE},
 year = {2017},
}

@techreport{LinWPVZE2017:TR,
  author = {Xi Victoria Lin and Chenglong Wang and Deric Pang and Kevin Vu and Luke Zettlemoyer and Michael D. Ernst},
  title = {Program Synthesis from Natural Language Using Recurrent Neural Networks},
  institution = {University of Washington},
  year = {2017}
}

@article{pang2019improving,
  title={Improving Natural Language Inference with a Pretrained Parser},
  author={Pang, Deric and Lin, Lucy H and Smith, Noah A},
  journal={arXiv preprint arXiv:1909.08217},
  year={2019}
}